@misc{sim,
  author       = {Shaikh S Ahmed, et al.},
  howpublished = {\url{https://nanohub.org/resources/mosfet}},
  title        = {MOSFet},
  year         = {2017}
}
